% Modelos de referências em BibTeX

% ATENCAO:
%
% - para preservar as maiúsculas em siglas nos títulos, use {...}.
    Veja um exemplo na referência "iskandar00" abaixo.

%%%%% exemplo de livro
@book{iskandar00,
   author	= {J. Iskandar},
   title	= {Normas da {ABNT} Comentadas para Trabalhos Científicos},
   year		= {2000},
   publisher	= {Editora Champagnat (PUCPR)}
}

@book{goossens93,
   author	= {M. Goossens and F. Mittelbach and A. Samarin},
   title	= {The \LaTeX\ Companion},
   year		= {1993},
   publisher	= {Addison-Wesley}
}

@book{oetiker07,
   author	= {T. Oetiker and H. Partl and I. Hyna and E. Schlegl},
   title	= {The Not So Short Introduction to \LaTeXe{}},
   publisher	= {\url{http://www.ctan.org/tex-archive/info/lshort}},
   year		= {2007}
}

%%%%% exemplo de parte de livro
@inbook{Birman89,
   author	= {K. Birman and T. Joseph},
   editor	= {S. Mullender},
   pages	= {293-317},
   publisher	= {Addison-Wesley},
   title	= {Reliable Broadcast Protocols in Distributed Systems},
   year		= {1989}
}

%%%%% exemplo de manual
@manual{Chorus96a,
   title	= {Chorus/Cool-ORB r3 - Product Description},
   organization = {Chorus Systems},
   note	= {CS/TR-95-157.3},
   month	= {June},
   year		= {1996}
}

%%%%% exemplo de tese de doutorado
@phdthesis{Maziero94,
   author	= {C. Maziero},
   title	= {Conception et réalisation d'un noyau de système
   		   réparti pour la simulation parallèle},
   school	= {IRISA - Université de Rennes I},
   address	= {Rennes - France},
   note 	= {137 pgs},
   number	= {1161},
   month	= {June},
   year		= {1994}
}

%%%%% exemplo de dissertação de mestrado
@mastersthesis{Ribeiro97,
   author	= {R. Ribeiro},
   title	= {Proposta de um suporte para simulações orientadas a
		   objetos distribuídas em uma plataforma aberta},
   school	= {Pós-Graduação em Engenharia Elétrica - Universidade
		   Federal de Santa Catarina},
   address	= {Fpolis - SC},
   note 	= {},
   number	= {},
   month	= {Junho},
   year		= {1997}
}

%%%%% exemplo de artigo em revista
@article{Awerbuch85a,
   author	= {B. Awerbuch},
   title	= {Complexity of network synchronization},
   journal	= {Journal of ACM},
   volume	= {32},
   number	= {4},
   pages	= {801-823},
   note 	= {invited paper},
   month	= {October},
   year		= {1985}
}

%%%%% exemplo de artigo em evento
@conference{Adam88,
   author	= {M. Adam and Ph. Ingels and M. Raynal},
   title	= {The meaning of synchronous distributed algorithms run on
		   asynchronous distributed systems},
   booktitle	= {3$^{rd}$ International Symposium on Computer and
		   Information Sciences},
   address	= {Izmir - Turkey},
   pages	= {307-316},
   month	= {November},
   year		= {1988}
}

%%%%% exemplo de relatório técnico
@techreport{bibufpr15,
   author	= {Biblioteca UFPR},
   institution	= {Sistema de Bibliotecas -- Universidade Federal do Paran\'a},
   title	= {Manual de normaliza\c{c}\~ao de documentos cient\'ificos de acordo com as normas da {ABNT}},
   number	= {ISBN 9788584800025},
   address	= {Curitiba PR},
   year		= {2015}
}

%%%%% exemplo de URL (páginas Web)
@misc{maziero15,
   title	= {Modelo {PPGInf UFPR} para teses e dissertações},
   author	= {Carlos Maziero},
   howpublished	= {\url{http://www.inf.ufpr.br/maziero}},
   year		= {2015},
   note		= {Acessado em 30/11/2015}
}











@book{bondymurty1976,
	author      = {J. A. Bondy and U. S. R. Murty},
	publisher   = {Elsevier Science Publishing Co., Inc.},
	title       = {Graph theory with applications},
	year        = {1976}}

@book{west2002,
	author      = {D.B. West},
	publisher   = {Pearson Education (Singapore) Pte. Ltd., Indian Braneh, 482 F.I.E. Patparganj, Delhi 1 10 092, India},
	title       = {Introduction to Graph Theory},
	year        = {2002}}

@book{bondymurty2008,
	author      = {J. A. Bondy and U. S. R. Murty},
	publisher   = {Springer London},
	title       = {Graph Theory},
	year        = {2008}}

@book{harary1994,
	author      = {F. Harary},
	publisher   = {Addison-Wesley Publishing Company},
	title       = {Graph Theory},
	year        = {1994}}

@book{sedgewick2011,
	author      = {R. Sedgewick and K. Wayne},
	publisher   = {Pearson Education, Inc.},
	title       = {Algorithms},
	year        = {2011}}

@book{cormen2009,
	author      = {T. H. Cormen and C. E. Leiserson and R. L. Rivest and C. Stein},
	publisher   = {Massachusetts Institute of Technology},
	title       = {Introduction to Algorithms},
	year        = {2009}}

@book{easley2010,
	author      = {D. Easley and J. Kleinberg},
	publisher   = {Cambridge University Press},
	title       = {Networks, Crowds, and Markets: Reasoning About a Highly Connected World},
	year        = {2010}}

@book{zachary2009,
	author      = {W. W. Zachary},
	publisher   = {University of New Mexico},
	title       = {An Information Flow Model for Conflict and Fission in Small Groups},
	year        = {2009}}

@book{williams2014,
	author      = {R. R. Williams},
	publisher   = {Association for Computing Machinery, New York, NY, United States},
	title       = {Proceedings of the forty-sixth annual ACM symposium on Theory of computing},
	year        = {2014}}

@book{pettie2002,
	author      = {S. Pettie and V. Ramachandran},
	publisher   = {Society for Industrial and Applied Mathematics, United States},
	title       = {Computing shortest paths with comparisons and additions},
	year        = {2002}}

@misc{feofiloff2018,
	title          = {Uma Introdu{\c c}{\~a}o Sucinta {\`a} Teoria dos Grafos},
	author         = {P. Feofiloff and Y. Kohayakawa and Y. Wakabayashi},
	howpublished   = {\url{https://www.ime.usp.br/~pf/teoriadosgrafos/}},
	year           = {2018},
	note           = {Acessado em 06/11/2021}
}

@misc{len2021,
   title	         = {Dijkstra's Algorithm},
   author	      = {G. Len and L. Andreas and W. Eric},
   howpublished   = {\url{https://mathworld.wolfram.com/DijkstrasAlgorithm.html}},
   year		      = {2021},
   note		      = {Acessado em 15/11/2021}
}

@misc{alane2021,
   title	         = {Shortest Path Centrality and the APSP problem via VC-dimension and Rademacher Averages},
   author	      = {Alane de Lima and Murilo da Silva and André Vignatti},
   howpublished   = {\url{https://www.inf.ufpr.br/murilo/public/apsp-alg.pdf}},
   year		      = {2021},
   note		      = {Acessado em 15/11/2021}
}

@misc{networkx2021,
   title	         = {NetworkX},
   author	      = {NetworkX Developers},
   howpublished   = {\url{https://networkx.org/documentation/stable/index.html}},
   year		      = {2021},
   note		      = {Acessado em 26/11/2021}
}

@misc{networkxfootball2021,
   title	         = {Football},
   author	      = {NetworkX},
   howpublished   = {\url{https://networkx.org/documentation/stable/auto_examples/graph/plot_football.html}},
   year		      = {2021},
   note		      = {Acessado em 29/11/2021}
}
